<record><leader>00000cas a22000007a 4500</leader><controlfield tag="001">17763039</controlfield><controlfield tag="008">880411d19121990nyuwr ne      0    0eng d</controlfield><datafield ind1=" " ind2=" " tag="010"><subfield code="a">sn 88075678 </subfield></datafield><datafield ind1=" " ind2=" " tag="040"><subfield code="a">NYG</subfield><subfield code="b">eng</subfield><subfield code="c">NYG</subfield><subfield code="d">NYS</subfield><subfield code="d">OCLCQ</subfield></datafield><datafield ind1=" " ind2=" " tag="042"><subfield code="a">msc</subfield></datafield><datafield ind1="0" ind2=" " tag="130"><subfield code="a">Mohawk Valley Democrat (Fonda, N.Y. : 1912)</subfield></datafield><datafield ind1="1" ind2="0" tag="245"><subfield code="a">Mohawk Valley Democrat.</subfield></datafield><datafield ind1=" " ind2=" " tag="260"><subfield code="a">Fonda, N.Y. :</subfield><subfield code="b">Montgomery County Pub. Co.</subfield></datafield><datafield ind1=" " ind2=" " tag="300"><subfield code="a">v.</subfield></datafield><datafield ind1=" " ind2=" " tag="310"><subfield code="a">Weekly</subfield></datafield><datafield ind1="0" ind2=" " tag="362"><subfield code="a">Vol. 70, no. 24 (May 23, 1912)-</subfield></datafield><datafield ind1="1" ind2=" " tag="362"><subfield code="a">Ceased in Oct. 1990?</subfield></datafield><datafield ind1=" " ind2=" " tag="500"><subfield code="a">Published in Palatine Bridge, N.Y., &lt;Apr. 19, 1988&gt;.</subfield></datafield><datafield ind1=" " ind2=" " tag="500"><subfield code="a">Publishers: Montgomery County Pub. Co, 1912-&lt;1924&gt;; William B. Wemple, &lt;1924-1956&gt;; Chester J. Gizara, &lt;1956-1968&gt;; Chester J. Gizara &amp; Carol A. Gizara, &lt;1968&gt;-Apr. 13, 1988; Lee Publications, Inc., Apr. 19, 1988-1990.</subfield></datafield><datafield ind1=" " ind2=" " tag="500"><subfield code="a">Special 100th anniversary ed. published: June 25, 1936.</subfield></datafield><datafield ind1=" " ind2=" " tag="588"><subfield code="a">Latest issue consulted: Vol. 154, no. 17 (Oct. 14, 1990).</subfield></datafield><datafield ind1=" " ind2="4" tag="651"><subfield code="a">Fonda (N.Y.)</subfield><subfield code="v">Newspapers.</subfield></datafield><datafield ind1=" " ind2="4" tag="651"><subfield code="a">Palatine Bridge (N.Y.)</subfield><subfield code="v">Newspapers.</subfield></datafield><datafield ind1=" " ind2="4" tag="651"><subfield code="a">Montgomery County (N.Y.)</subfield><subfield code="v">Newspapers.</subfield></datafield><datafield ind1=" " ind2=" " tag="752"><subfield code="a">United States</subfield><subfield code="b">New York</subfield><subfield code="c">Montgomery</subfield><subfield code="d">Fonda.</subfield></datafield><datafield ind1=" " ind2=" " tag="752"><subfield code="a">United States</subfield><subfield code="b">New York</subfield><subfield code="c">Montgomery</subfield><subfield code="d">Palatine Bridge.</subfield></datafield><datafield ind1="0" ind2="0" tag="780"><subfield code="t">Fonda Democrat</subfield><subfield code="w">(DLC)sn 88074733</subfield><subfield code="w">(OCoLC)18396362</subfield></datafield><datafield ind1="0" ind2="0" tag="785"><subfield code="t">Country Sunday</subfield><subfield code="w">(DLC)sn 90066366</subfield><subfield code="w">(OCoLC)22864491</subfield></datafield></record>